@online{Kachigar2018,
    author = "Ghazal Kachigar",
    title = "La cryptographie et les ordinateurs quantiques",
    year = "2018",
    url = "https://culturemath.ens.fr/thematiques/informatique/la-cryptographie-et-les-ordinateurs-quantiques"
}
@online{Chabanol2021,
    author = "Marie-Line Chabanol",
    title = "Cryptographie asymétrique et courbes elliptiques",
    year = "2021",
    url = "https://culturemath.ens.fr/thematiques/lycee/cryptographie-asymetrique-et-courbes-elliptiques"
}
% @online{Maurel2003,
%     author = "François Maurel",
%     title = "Sur l'algorithme RSA",
%     year = "2003",
%     url = "https://culturemath.ens.fr/thematiques/theorie-des-nombres/sur-l-algorithme-rsa"
% }
@online{Deglise2013,
    author = "Frédéric Déglise",
    title = "Variétés abéliennes: Introduction et histoire",
    year = "2013",
    url = "http://deglise.perso.math.cnrs.fr/docs/2013/sabeliens/cours1.pdf"
}
@online{KrausCP,
    author = "Alain Kraus",
    title = "Cryptosystèmes à clés publiques",
    year = "2009/10",
    url = "https://www.math.univ-paris13.fr/~boyer/enseignement/crypto/Chap4.pdf"
}
@online{KrausCE,
    author = "Alain Kraus",
    title = "Courbes elliptiques",
    year = "2009/10",
    url = "https://www.math.univ-paris13.fr/~boyer/enseignement/crypto/Chap7.pdf"
}
@online{KrausCF,
    author = "Alain Kraus",
    title = "Corps finis",
    year = "2009/10",
    url = "https://www.math.univ-paris13.fr/~boyer/enseignement/crypto/Chap3.pdf",
}
% @online{Mazari2015,
%     author = "Idriss Mazari",
%     title = "Algèbre avancée",
%     year = "2014/15",
%     url = "https://idrissmazari.files.wordpress.com/2013/08/coursalgav1.pdf"
% }
% @online{PerrinD,
%     author = "Daniel Perrin",
%     title = "Résultant et discriminant",
%     url = "https://www.imo.universite-paris-saclay.fr/~perrin/Sevres/resultant.pdf"
% }
@online{Koblitz1985,
    author = "Neal Koblitz",
    title = "Elliptic curve cryptosystems",
    year = "1985",
    url = "https://www.ams.org/journals/mcom/1987-48-177/S0025-5718-1987-0866109-5/S0025-5718-1987-0866109-5.pdf"
}
% @online{bibfacell,
%     author = "bibmath",
%     title = "Factorisation des entiers par les courbes elliptiques",
%     url = "https://www.bibmath.net/crypto/index.php?action=affiche&quoi=complements/factoelliptique"
% }
% @online{bibfacent,
%     author = "bibmath",
%     title = "Factorisation des entiers",
%     url = "https://www.bibmath.net/crypto/index.php?action=affiche&quoi=complements/factoentiers"
% }
@online{wikipédiacesar,
    author = "wikipédia",
    title = "Chiffrement par décalage",
    url = "https://fr.wikipedia.org/wiki/Chiffrement_par_d%C3%A9calage"
}
@online{wikipédia,
    author = "wikipédia",
    title = "",
    url = ""
}
@online{wikipédia,
    author = "wikipédia",
    title = "",
    url = ""
}
@online{wikipédia,
    author = "wikipédia",
    title = "",
    url = ""
}
@online{Baigneres2003,
    author = "Thomas Baignères",
    title = "Factorisation de Grands Nombres à l'Aide de Courbes Elliptiques",
    year = "2003",
    url = "https://www.baigneres.net/downloads/2003_ecm.pdf",
}
@online{Delaunay,
    author = "Delaunay",
    title = "Courbes elliptiques",
    url = "http://math.univ-lyon1.fr/~wagner/coursDelaunay.pdf",
}
@online{Kun2014,
    author = "Jeremy Kun",
    title = "Introducing Elliptic Curves",
    year = "2014",
    url = "https://jeremykun.com/2014/02/08/introducing-elliptic-curves/",
}
@online{Lipton2013,
    author = "RJLipton et KWRegan",
    title = "A Most Perplexing Mystery",
    year = "2013",
    url = "https://rjlipton.wpcomstaging.com/2013/05/06/a-most-perplexing-mystery/",
}
@book{miller_use_1985,
	edition = {Lecture Notes in Computer Science},
	title = {Use of elliptic curves in cryptography},
	volume = {218},
	url = {https://web.archive.org/web/20090206165338/http://dsns.csie.nctu.edu.tw/research/crypto/HTML/PDF/C85/417.PDF},
	publisher = {Springer},
	author = {Miller, Victor S.},
	urldate = {2022-06-16},
	date = {1985},
	file = {Snapshot:/home/yann/Zotero/storage/UYCN8CHU/417.html:text/html},
}

@online{noauthor_trustica_nodate,
	title = {Trustica » Elliptic curves: point at infinity revisited},
	url = {https://trustica.cz/en/2018/04/05/elliptic-curves-point-at-infinity-revisited/},
	shorttitle = {Trustica » Elliptic curves},
	urldate = {2022-06-16},
	langid = {american},
	file = {Snapshot:/home/yann/Zotero/storage/W9PPS24H/elliptic-curves-point-at-infinity-revisited.html:text/html},
}

@online{viggers_elliptic_2019,
	title = {In Elliptic Curve, what does the point at infinity look like?},
	url = {https://crypto.stackexchange.com/q/70507},
	titleaddon = {Cryptography Stack Exchange},
	author = {Viggers, Iñaki},
	urldate = {2022-06-20},
	date = {2019-05-13},
	file = {Snapshot:/home/yann/Zotero/storage/GZHXFTF4/in-elliptic-curve-what-does-the-point-at-infinity-look-like.html:text/html},
}

@online{noauthor_dr_nodate,
	title = {Dr. Neal Koblitz: Independent Co-creator of Elliptic Curve Cryptography - News},
	url = {https://www.allaboutcircuits.com/news/dr.-neal-koblitz-independent-co-creator-of-elliptic-curve-cryptography/},
	shorttitle = {Dr. Neal Koblitz},
	abstract = {Neal Koblitz and Victor Miller independently co-discovered elliptic-curve cryptography. In this interview with Dr. Koblitz, we learn about his life and passion for mathematics.},
	urldate = {2022-06-20},
	langid = {english},
	file = {Snapshot:/home/yann/Zotero/storage/6INFY7AE/dr.-neal-koblitz-independent-co-creator-of-elliptic-curve-cryptography.html:text/html},
}

@online{university_victor_2017,
	title = {Victor S Miller - Alchetron, The Free Social Encyclopedia},
	url = {https://alchetron.com/Victor-S-Miller},
	abstract = {Victor Saul Miller (born 3 March 1947 in Brooklyn, New York) is an American mathematician at the Center for Communications Research ({CCR}) of the Institute for Defense Analyses in Princeton, New Jersey, U.S. He received his A.B. in mathematics from Columbia University in 1968, and his Ph.D. in mathem},
	titleaddon = {Alchetron.com},
	author = {University, Name Victor Miller Role Mathematician Education Harvard and University, Columbia},
	urldate = {2022-06-20},
	date = {2017-08-18},
	langid = {american},
}

@book{lang_auth_elliptic_1978,
	edition = {1},
	title = {Elliptic Curves: Diophantine Analysis},
	isbn = {978-3-642-05717-5},
	% url = {http://gen.lib.rus.ec/book/index.php?md5=3882e14fd38bea75328b010f67b84fff},
	series = {Grundlehren der mathematischen Wissenschaften 231},
	shorttitle = {Elliptic Curves},
	publisher = {Springer-Verlag Berlin Heidelberg},
	author = {Lang (auth.), Serge},
	urldate = {2022-06-20},
	date = {1978},
}

@online{noauthor_how_2014,
	title = {How the {NSA} (may have) put a backdoor in {RSA}’s cryptography: A technical primer},
	url = {http://blog.cloudflare.com/how-the-nsa-may-have-put-a-backdoor-in-rsas-cryptography-a-technical-primer/},
	shorttitle = {How the {NSA} (may have) put a backdoor in {RSA}’s cryptography},
	abstract = {There has been a lot of news lately about nefarious-sounding backdoors being inserted into cryptographic standards and toolkits. One algorithm, a pseudo-random bit generator, Dual\_EC\_DRBG, was ratified by the National Institute of Standards and Technology ({NIST}) in 2007.},
	titleaddon = {The Cloudflare Blog},
	urldate = {2022-06-21},
	date = {2014-01-06},
	langid = {english},
	file = {Snapshot:/home/yann/Zotero/storage/PH7GR7N8/how-the-nsa-may-have-put-a-backdoor-in-rsas-cryptography-a-technical-primer.html:text/html},
}

@online{goodin_we_2013,
	title = {We don’t enable backdoors in our crypto products, {RSA} tells customers},
	url = {https://arstechnica.com/information-technology/2013/09/we-dont-enable-backdoors-in-our-crypto-products-rsa-tells-customers/},
	abstract = {Statement comes after firm said its products used {RNG} reported to contain {NSA} backdoor.},
	titleaddon = {Ars Technica},
	author = {Goodin, Dan},
	urldate = {2022-06-21},
	date = {2013-09-20},
	langid = {english},
	file = {Snapshot:/home/yann/Zotero/storage/GE3YZEI9/we-dont-enable-backdoors-in-our-crypto-products-rsa-tells-customers.html:text/html},
}
