
@online{noauthor_org_nodate,
	title = {The Org Code Edit Buffer},
	url = {https://irreal.org/blog/?p=8824},
}

@book{perrin_cours_1996,
	title = {Cours d’algèbre},
	isbn = {978-2-7298-5552-9},
	url = {http://gen.lib.rus.ec/book/index.php?md5=351d9fecfd1c2db7fb53a56970e785ff},
	series = {{CAPES}/Agreg Mathématiques},
	publisher = {Ellipses},
	author = {Perrin, Daniel},
	urldate = {2022-05-31},
	date = {1996},
}

@book{ahrens_how_2017,
	edition = {Paperback},
	title = {How to Take Smart Notes: One Simple Technique to Boost Writing, Learning and Thinking - For Students, Academics and Nonfiction Book Writers},
	isbn = {1-5428-6650-2 978-1-5428-6650-7},
	url = {http://gen.lib.rus.ec/book/index.php?md5=b5df3a1c3065a85685148ac7bbb14b7a},
	publisher = {Createspace Independent Publishing Platform},
	author = {Ahrens, Sönke},
	date = {2017},
}

@book{polya_how_2004,
	title = {How to Solve It: A New Aspect of Mathematical Method},
	isbn = {0-691-11966-X 978-0-691-11966-3},
	url = {http://gen.lib.rus.ec/book/index.php?md5=4d80a1875a50d1f0c11108fe95655bb2},
	series = {Princeton Science Library},
	publisher = {Princeton University Press},
	author = {Polya, George},
	date = {2004},
}

@book{lamport_latex_2001,
	title = {The {LaTeX} companions. Bind 4 : {LaTeX} : a document preparation system, user’s guide and reference manual (Bookmarked)},
	isbn = {978-0-201-52983-8 0-201-52983-1},
	url = {http://gen.lib.rus.ec/book/index.php?md5=1d20947c8c08b5376d5a4b9062702b6a},
	publisher = {Addison-Wesley},
	author = {Lamport, Leslie},
	date = {2001},
}

@book{mittelbach_f_latex_2004,
	edition = {2ed.},
	title = {The {LaTeX} companion},
	isbn = {0-201-36299-6},
	url = {http://gen.lib.rus.ec/book/index.php?md5=ff11b0b1a8dbefdb55d077b543cc6710},
	series = {Tools and Techniques for Computer Typesetting},
	publisher = {Addison Wesley},
	author = {Mittelbach F., Goossens M.},
	date = {2004},
}

@book{desnel_m-j_giga_2019,
	title = {Giga Martinique : Parler et comprendre le créole},
	url = {https://bsk1.com/gm/GigaMartinique.pdf},
	publisher = {Steinhauser Verlag},
	author = {Desnel M-J., Bernd S. K.},
	date = {2019},
}

@book{desnel_m-j_giga_2019-1,
	title = {Giga Martinique : Speaking Martinique Creole},
	url = {https://bsk1.com/gm/GigaMartinique_en.pdf},
	publisher = {Steinhauser Verlag},
	author = {Desnel M-J., Bernd S. K.},
	date = {2019},
}

@book{k_ear2memory_2018,
	title = {Ear2Memory : To really learn languages on your smartphone!},
	url = {https://www.bsk1.com/download/Ear2Memory/Ear2Memory.pdf},
	publisher = {Steinhauser Verlag},
	author = {K, Bernd S.},
	date = {2018},
}

@book{k_world_2015,
	title = {The World Brain : A short guide to fast language learning},
	url = {https://www.bsk1.com/download/TheWordBrain/TheWordBrain2015.pdf},
	publisher = {Steinhauser Verlag},
	author = {K, Bernd S.},
	date = {2015},
}

@book{gozard_theorie_1997,
	title = {Théorie de Galois},
	isbn = {2-7298-5673-0 978-2-7298-5673-1},
	url = {http://gen.lib.rus.ec/book/index.php?md5=621dc1384b9087825f29e4859b11deb8},
	publisher = {Ellipses Marketing},
	author = {Gozard, Yvan},
	date = {1997},
}

@book{stallman_gnu_2022,
	title = {Gnu Emacs Manual: For Version 28.1},
	isbn = {978-0-9831592-8-5},
	url = {https://www.gnu.org/software/emacs/manual/pdf/emacs.pdf},
	publisher = {Free Software Foundation},
	author = {Stallman, Richard M.},
	date = {2022},
}

@book{stallman_gnu_2022-1,
	title = {Gnu Emacs Extra Manual: For Version 28.1},
	isbn = {978-0-9831592-8-5},
	url = {https://www.gnu.org/software/emacs/manual/pdf/emacs-xtra.pdf},
	publisher = {Free Software Foundation},
	author = {Stallman, Richard M.},
	date = {2022},
}

@book{perrin_cours_1996-1,
	title = {Cours d’algèbre},
	isbn = {2-7298-5552-1 978-2-7298-5552-9},
	url = {http://gen.lib.rus.ec/book/index.php?md5=351d9fecfd1c2db7fb53a56970e785ff},
	series = {{CAPES}/Agreg Mathématiques},
	publisher = {Ellipses},
	author = {Perrin, Daniel},
	date = {1996},
}

@online{noauthor_org-src-window-setup_nodate,
	title = {org-src-window-setup not working correctly · Issue \#5436 · doomemacs/doomemacs},
	url = {https://github.com/doomemacs/doomemacs/issues/5436},
	abstract = {What did you expect to happen? I have org-src-window-setup set to current-window. It was working before. I don\&\#39;t remember which update broke it. When I use org-edit-src-code I expect to replace...},
	titleaddon = {{GitHub}},
	urldate = {2022-06-01},
	langid = {english},
	file = {Snapshot:/home/yann/Zotero/storage/8UWFQ5TS/5436.html:text/html},
}

@online{jcs_org_nodate,
	title = {The Org Code Edit Buffer {\textbar} Irreal},
	url = {https://irreal.org/blog/?p=8824},
	author = {{jcs}},
	urldate = {2022-06-01},
	langid = {american},
	file = {Snapshot:/home/yann/Zotero/storage/5B54MVQP/blog.html:text/html},
}

@software{et2010_et2010org-edit-latex_2021,
	title = {et2010/org-edit-latex},
	url = {https://github.com/et2010/org-edit-latex},
	abstract = {Edit {LaTeX} fragments like editing src blocks},
	author = {et2010},
	urldate = {2022-06-01},
	date = {2021-11-22},
	note = {original-date: 2017-03-22T01:29:42Z},
	keywords = {edit, emacs, emacs-mode, latex, latex-fragment, org-mode, orgmode},
}

@online{ta_how_2016,
	title = {How to make pop-up window appear in the divided portion of the frame},
	url = {https://emacs.stackexchange.com/q/27711},
	titleaddon = {Emacs Stack Exchange},
	author = {Ta, Trung},
	urldate = {2022-06-01},
	date = {2016-10-11},
}

@online{noauthor_arch_nodate,
	title = {Arch User Repository - {ArchWiki}},
	url = {https://wiki.archlinux.org/title/Arch_User_Repository#Acquire_a_PGP_public_key_if_needed},
	urldate = {2022-06-01},
	file = {Arch User Repository - ArchWiki:/home/yann/Zotero/storage/3RFRE9CS/Arch_User_Repository.html:text/html},
}

@software{croker_kcrokerdpsprep_2022,
	title = {kcroker/dpsprep},
	url = {https://github.com/kcroker/dpsprep},
	abstract = {Python {DJVU} to {PDF} converter which preserves {OCR} text and bookmark metadata (e.g. {TOC})},
	author = {Croker, Kevin},
	urldate = {2022-06-01},
	date = {2022-05-29},
	note = {original-date: 2015-05-24T21:07:52Z},
}

@online{hayd_converting_2017,
	title = {Converting {DJVU} to {PDF}},
	url = {https://askubuntu.com/q/46233},
	titleaddon = {Ask Ubuntu},
	author = {hayd},
	urldate = {2022-06-01},
	date = {2017-04-13},
	file = {Snapshot:/home/yann/Zotero/storage/LJZX7CRJ/converting-djvu-to-pdf.html:text/html},
}

@online{zetah_answer_2012,
	title = {Answer to "Converting {DJVU} to {PDF}"},
	url = {https://askubuntu.com/a/122604},
	titleaddon = {Ask Ubuntu},
	author = {zetah},
	urldate = {2022-06-01},
	date = {2012-04-16},
	file = {Snapshot:/home/yann/Zotero/storage/2SY4BTCZ/converting-djvu-to-pdf.html:text/html},
}

@online{alu_how_2019,
	title = {How to clean Arch Linux},
	url = {https://averagelinuxuser.com/clean-arch-linux/},
	abstract = {Every system becomes cluttered sooner or later and Arch Linux is not the exception. So, in this post, you will learn how to clean Arch Linux system.},
	titleaddon = {Average Linux User},
	author = {alu},
	urldate = {2022-06-02},
	date = {2019-02-14},
	langid = {english},
}

@online{unl0ckd_answer_2021,
	title = {Answer to "Key bindings For Doom Emacs"},
	url = {https://emacs.stackexchange.com/a/64042},
	titleaddon = {Emacs Stack Exchange},
	author = {unl0ckd},
	urldate = {2022-06-02},
	date = {2021-03-22},
	file = {Snapshot:/home/yann/Zotero/storage/ABT4VELT/key-bindings-for-doom-emacs.html:text/html},
}

@book{allen_getting_2003,
	edition = {1},
	title = {Getting Things Done. The Art of Stress-Free Productivity},
	isbn = {978-0-14-044039-3},
	url = {http://gen.lib.rus.ec/book/index.php?md5=adb75fbcdebf028e9d13d54c97e8ccbc},
	publisher = {Penguin},
	author = {Allen, David},
	urldate = {2022-06-02},
	date = {2003},
}

@book{chassell_introduction_2009,
	title = {An introduction to programming in Emacs Lisp},
	isbn = {978-1-882114-43-6},
	author = {Chassell, Robert J},
	date = {2009},
	langid = {english},
	note = {{OCLC}: 1112285559},
	file = {Chassell - 2009 - An introduction to programming in Emacs Lisp.pdf:/home/yann/Zotero/storage/GL7NB2I3/Chassell - 2009 - An introduction to programming in Emacs Lisp.pdf:application/pdf},
}

@online{noauthor_introduction_nodate,
	title = {An Introduction to Programming in Emacs Lisp - {GNU} Project - Free Software Foundation ({FSF})},
	url = {https://www.gnu.org/software/emacs/manual/eintr.html},
	urldate = {2022-06-05},
	file = {An Introduction to Programming in Emacs Lisp - GNU Project - Free Software Foundation (FSF):/home/yann/Zotero/storage/7IM8BYTN/eintr.html:text/html},
}

@article{lewis_gnu_nodate,
	title = {{GNU} Emacs Lisp Reference Manual},
	pages = {1376},
	author = {Lewis, Bil and {LaLiberte}, Dan and Stallman, Richard},
	langid = {english},
	file = {Lewis et al. - GNU Emacs Lisp Reference Manual.pdf:/home/yann/Zotero/storage/JCJXL2R9/Lewis et al. - GNU Emacs Lisp Reference Manual.pdf:application/pdf},
}

@online{sds_answer_2016,
	title = {Answer to "debugging some elisp -- "end of file during parsing error" in init.el"},
	url = {https://emacs.stackexchange.com/a/27003},
	titleaddon = {Emacs Stack Exchange},
	author = {sds},
	urldate = {2022-06-15},
	date = {2016-09-11},
	file = {Snapshot:/home/yann/Zotero/storage/WDTXUJLK/debugging-some-elisp-end-of-file-during-parsing-error-in-init-el.html:text/html},
}

@video{distrotube_setting_2020,
	title = {Setting Up The Mu4e Email Client In Doom Emacs},
	url = {https://www.youtube.com/watch?v=LKp3hQP2VxQ},
	abstract = {Do you use Emacs?  Do you also use a desktop email client like Thunderbird or Geary?  There is no need to run those desktop email clients when Emacs has a great email client available.  That email client is called mu4e.

{NOTE}: 
When I did the git clone of my dotfiles repo and copied over my .doom.d configs, my Doom configs didn't want to work properly initially, because my Doom configs expect the following packages to be installed.  So if you choose to use my Doom configs, make sure to install these!
► ttf-ubuntu-font-family
► nerd-fonts-mononoki ({AUR})
► fish

{REFERENCED}:
► https://github.com/hlissner/doom-emacs - Doom Emacs
► https://www.djcbsoftware.nl/code/mu/m... - Mu4e
► https://gitlab.com/dwt1/dotfiles - {DT}'s dotfiles repo
► https://www.reddit.com/r/emacs/commen...
► https://www.reddit.com/r/emacs/commen...

{WANT} {TO} {SUPPORT} {THE} {CHANNEL}? 
💰 Patreon: https://www.patreon.com/distrotube 
💳 Paypal: https://www.paypal.com/cgi-bin/webscr...
🛍️ Amazon: https://amzn.to/2RotFFi
👕 Teespring: https://teespring.com/stores/distrotube

{SOCIAL} {PLATFORMS}: 
🗨️ Mastodon: https://mastodon.technology/@distrotube 
💬 {IRC}: irc://freenode \#distrotube
👫 Reddit: https://www.reddit.com/r/{DistroTube}/
📽️ {LBRY}: https://lbry.tv/\$/invite/@{DistroTube}:2

{DT} {ON} {THE} {WEB}:
🕸️ Website: http://distrotube.com/
🐿️ Gopherhole: gopher://distro.tube
📁 {GitLab}: https://gitlab.com/dwt1  
🔊 Audio Podcasts: https://www.buzzsprout.com/1263722

{FREE} {AND} {OPEN} {SOURCE} {SOFTWARE} {THAT} I {USE}:
🌐 Brave Browser - https://brave.com/dis872 
📽️ Open Broadcaster Software: https://obsproject.com/
🎬 Kdenlive: https://kdenlive.org
🎨 {GIMP}: https://www.gimp.org/
🎵  Audacity: https://www.audacityteam.org/
💻 {VirtualBox}: https://www.virtualbox.org/
🗒️ Doom Emacs: https://github.com/hlissner/doom-emacs

Your support is very much appreciated. Thanks, guys!},
	author = {{DistroTube}},
	urldate = {2022-06-15},
	date = {2020},
}

@online{noauthor_mu4e_nodate,
	title = {mu4e for Dummies : emacs},
	url = {https://www.reddit.com/r/emacs/comments/bfsck6/mu4e_for_dummies/},
	urldate = {2022-06-15},
	file = {mu4e for Dummies \: emacs:/home/yann/Zotero/storage/T2Z8RH6J/mu4e_for_dummies.html:text/html},
}

@online{skizmi_mu4e_2019,
	title = {mu4e for Dummies},
	url = {www.reddit.com/r/emacs/comments/bfsck6/mu4e_for_dummies/},
	titleaddon = {r/emacs},
	author = {skizmi},
	urldate = {2022-06-15},
	date = {2019-04-21},
	file = {Reddit Post Snapshot:/home/yann/Zotero/storage/MPUC26NV/mu4e_for_dummies.html:text/html},
}

@online{rmberyou_tip_2018,
	title = {{TIP}: How to easily manage your emails with mu4e},
	url = {www.reddit.com/r/emacs/comments/8q84dl/tip_how_to_easily_manage_your_emails_with_mu4e/},
	shorttitle = {{TIP}},
	titleaddon = {r/emacs},
	author = {{rmberYou}},
	urldate = {2022-06-15},
	date = {2018-06-11},
	file = {Reddit Post Snapshot:/home/yann/Zotero/storage/FQKIWTHG/tip_how_to_easily_manage_your_emails_with_mu4e.html:text/html},
}

@video{system_crafters_streamline_2021,
	title = {Streamline Your E-mail Management with mu4e - Emacs Mail},
	url = {https://www.youtube.com/watch?v=yZRyEhi4y44},
	abstract = {In this stream, you'll learn how to use the excellent mu4e package to gain e-mail superpowers and process your mail faster than ever before.  We'll set up the isync (mbsync) tool to sync mail from a Gmail account and then show how you can process and search it with mu4e.  This will be the basis for future videos on e-mail management for mu4e!

The show notes can be found here: https://github.com/daviwil/emacs-from...

My Emacs configuration: https://github.com/daviwil/dotfiles/b...

If you enjoy this series, please consider becoming a sponsor on {GitHub} or Patreon:

- https://github.com/sponsors/daviwil
- https://patreon.com/{SystemCrafters}

You can also leave a tip via {PayPal}: https://paypal.me/daviwil

Follow me on Twitter for more Emacs content!
https://twitter.com/{SystemCrafters}

Chat with the System Crafters community on Discord: https://discord.gg/{yVD}8Gx6

Intro music: Coriolis Effect by logos feat. stefsax, licensed {CC}-{BY}
http://ccmixter.org/files/mseq/26296},
	author = {{System Crafters}},
	urldate = {2022-06-15},
	date = {2021-01-01},
}

@online{noauthor_top_nodate,
	title = {Top (Mu4e 1.6.0 user manual)},
	url = {https://www.djcbsoftware.nl/code/mu/mu4e/index.html#SEC_Contents},
	urldate = {2022-06-15},
	file = {Top (Mu4e 1.6.0 user manual):/home/yann/Zotero/storage/ZNBZ5J4Y/index.html:text/html},
}

@online{noauthor_welcome_nodate,
	title = {Welcome},
	url = {https://cryptobook.nakov.com/},
	urldate = {2022-06-16},
	file = {Snapshot:/home/yann/Zotero/storage/WHGE5IWK/cryptobook.nakov.com.html:text/html},
}

@online{noauthor_trustica_nodate,
	title = {Trustica » Elliptic curves: point at infinity revisited},
	url = {https://trustica.cz/en/2018/04/05/elliptic-curves-point-at-infinity-revisited/},
	shorttitle = {Trustica » Elliptic curves},
	urldate = {2022-06-16},
	langid = {american},
	file = {Snapshot:/home/yann/Zotero/storage/W9PPS24H/elliptic-curves-point-at-infinity-revisited.html:text/html},
}

@book{miller_use_1985,
	edition = {Lecture Notes in Computer Science},
	title = {Use of elliptic curves in cryptography},
	volume = {218},
	url = {https://web.archive.org/web/20090206165338/http://dsns.csie.nctu.edu.tw/research/crypto/HTML/PDF/C85/417.PDF},
	publisher = {Springer},
	author = {Miller, Victor S.},
	urldate = {2022-06-16},
	date = {1985},
	file = {Snapshot:/home/yann/Zotero/storage/UYCN8CHU/417.html:text/html},
}

@online{admin_your_nodate,
	title = {Your Guide to Beamer Blocks},
	url = {https://latex-beamer.com/tutorials/blocks/},
	abstract = {Sometimes we need to display some information that convey some special messages. In this tutorial, we will focus on beamer blocks and how to customize them!},
	titleaddon = {{LaTeX} Beamer},
	author = {{Admin}},
	urldate = {2022-06-17},
	langid = {english},
	file = {Snapshot:/home/yann/Zotero/storage/SRPUYAK3/blocks.html:text/html},
}

@online{softtimur_how_2011,
	title = {How to split a frame (of beamer) into 2 parts (minipage) side by side?},
	url = {https://tex.stackexchange.com/q/26836},
	titleaddon = {{TeX} - {LaTeX} Stack Exchange},
	author = {{SoftTimur}},
	urldate = {2022-06-17},
	date = {2011-08-29},
}

@online{softtimur_how_2011-1,
	title = {How to split a frame (of beamer) into 2 parts (minipage) side by side?},
	url = {https://tex.stackexchange.com/q/26836},
	titleaddon = {{TeX} - {LaTeX} Stack Exchange},
	author = {{SoftTimur}},
	urldate = {2022-06-17},
	date = {2011-08-29},
}

@online{daniel_answer_2011,
	title = {Answer to "How to split a frame (of beamer) into 2 parts (minipage) side by side?"},
	url = {https://tex.stackexchange.com/a/26838},
	shorttitle = {Answer to "How to split a frame (of beamer) into 2 parts (minipage) side by side?},
	titleaddon = {{TeX} - {LaTeX} Stack Exchange},
	author = {Daniel, Marco},
	urldate = {2022-06-17},
	date = {2011-08-29},
}

@online{raphink_answer_2011,
	title = {Answer to "How to split a frame (of beamer) into 2 parts (minipage) side by side?"},
	url = {https://tex.stackexchange.com/a/26837},
	shorttitle = {Answer to "How to split a frame (of beamer) into 2 parts (minipage) side by side?},
	titleaddon = {{TeX} - {LaTeX} Stack Exchange},
	author = {raphink},
	urldate = {2022-06-17},
	date = {2011-08-29},
}

@online{noauthor_how_nodate,
	title = {How to Tar a Directory},
	url = {https://www.wikihow.com/Tar-a-Directory},
	abstract = {The most common way to deliver a batch of files from a Linux system is by using the command. When you tar a directory, you can easily roll up a group of files into a single file. This file can then be transferred or stored, or it can be...},
	titleaddon = {{wikiHow}},
	urldate = {2022-06-17},
	langid = {english},
	file = {Snapshot:/home/yann/Zotero/storage/2PE9QFEG/Tar-a-Directory.html:text/html},
}

@online{noauthor_setting_nodate,
	title = {Setting Up Gmail in Doom Emacs using mbsync and mu4e – A2Z Facts},
	url = {https://a2zfacts.net/articles/setting-up-gmail-in-doom-emacs-using-mbsync-and-mu4e/},
	urldate = {2022-06-17},
	langid = {american},
}

@online{ctm-8400_doom_2020,
	title = {(Doom Emacs) Problems rebinding keys.},
	url = {www.reddit.com/r/emacs/comments/kftv15/doom_emacs_problems_rebinding_keys/},
	titleaddon = {r/emacs},
	author = {ctm-8400},
	urldate = {2022-06-17},
	date = {2020-12-18},
	file = {Reddit Post Snapshot:/home/yann/Zotero/storage/X6C9P3DI/doom_emacs_problems_rebinding_keys.html:text/html},
}

@online{noauthor_org_nodate-1,
	title = {Org Mode - Organize Your Life In Plain Text!},
	url = {http://doc.norang.ca/org-mode.html},
	urldate = {2022-06-18},
	file = {Org Mode - Organize Your Life In Plain Text!:/home/yann/Zotero/storage/GGNKUJX7/org-mode.html:text/html},
}

@online{noauthor_update_2020,
	title = {Update a field (\#+{LAST}\_MODIFIED: ) at save - How To},
	url = {https://org-roam.discourse.group/t/update-a-field-last-modified-at-save/321},
	shorttitle = {Update a field (\#+{LAST}\_MODIFIED},
	abstract = {I want to thank you all for your help so far. I am slowly working the kinks out of my workflow. I know this isn’t org-roam strictly, but I can’t find an answer online and it pertains only to my roam buffers.  In my capture and capture-ref templates I have a field \#+{LAST}\_MODIFIED: that inserts the time. I’d like it to update every time the file is saved after that to represent its last save.  I got this from someone else’s org-roam setup, but I don’t remember where. How would I setup emacs to upd...},
	titleaddon = {Org-roam},
	urldate = {2022-06-18},
	date = {2020-06-09},
	langid = {english},
	file = {Snapshot:/home/yann/Zotero/storage/D74RWU94/321.html:text/html},
}

@online{noauthor_dr_nodate,
	title = {Dr. Neal Koblitz: Independent Co-creator of Elliptic Curve Cryptography - News},
	url = {https://www.allaboutcircuits.com/news/dr.-neal-koblitz-independent-co-creator-of-elliptic-curve-cryptography/},
	shorttitle = {Dr. Neal Koblitz},
	abstract = {Neal Koblitz and Victor Miller independently co-discovered elliptic-curve cryptography. In this interview with Dr. Koblitz, we learn about his life and passion for mathematics.},
	urldate = {2022-06-20},
	langid = {english},
	file = {Snapshot:/home/yann/Zotero/storage/6INFY7AE/dr.-neal-koblitz-independent-co-creator-of-elliptic-curve-cryptography.html:text/html},
}

@online{university_victor_2017,
	title = {Victor S Miller - Alchetron, The Free Social Encyclopedia},
	url = {https://alchetron.com/Victor-S-Miller},
	abstract = {Victor Saul Miller (born 3 March 1947 in Brooklyn, New York) is an American mathematician at the Center for Communications Research ({CCR}) of the Institute for Defense Analyses in Princeton, New Jersey, U.S. He received his A.B. in mathematics from Columbia University in 1968, and his Ph.D. in mathem},
	titleaddon = {Alchetron.com},
	author = {University, Name Victor Miller Role Mathematician Education Harvard and University, Columbia},
	urldate = {2022-06-20},
	date = {2017-08-18},
	langid = {american},
}

@online{viggers_elliptic_2019,
	title = {In Elliptic Curve, what does the point at infinity look like?},
	url = {https://crypto.stackexchange.com/q/70507},
	titleaddon = {Cryptography Stack Exchange},
	author = {Viggers, Iñaki},
	urldate = {2022-06-20},
	date = {2019-05-13},
	file = {Snapshot:/home/yann/Zotero/storage/GZHXFTF4/in-elliptic-curve-what-does-the-point-at-infinity-look-like.html:text/html},
}

@online{fgrieu_answer_2019,
	title = {Answer to "In Elliptic Curve, what does the point at infinity look like?"},
	url = {https://crypto.stackexchange.com/a/70509},
	shorttitle = {Answer to "In Elliptic Curve, what does the point at infinity look like?},
	titleaddon = {Cryptography Stack Exchange},
	author = {fgrieu},
	urldate = {2022-06-20},
	date = {2019-05-13},
	file = {Snapshot:/home/yann/Zotero/storage/9NNEVI26/in-elliptic-curve-what-does-the-point-at-infinity-look-like.html:text/html},
}

@online{ossifrage_answer_2019,
	title = {Answer to "In Elliptic Curve, what does the point at infinity look like?"},
	url = {https://crypto.stackexchange.com/a/70526},
	shorttitle = {Answer to "In Elliptic Curve, what does the point at infinity look like?},
	titleaddon = {Cryptography Stack Exchange},
	author = {Ossifrage, Squeamish},
	urldate = {2022-06-20},
	date = {2019-05-13},
	file = {Snapshot:/home/yann/Zotero/storage/8GVNYN95/in-elliptic-curve-what-does-the-point-at-infinity-look-like.html:text/html},
}

@online{bohold_beamer_2013,
	title = {Beamer Presentation: Figure has no number?},
	url = {https://tex.stackexchange.com/q/127145},
	shorttitle = {Beamer Presentation},
	titleaddon = {{TeX} - {LaTeX} Stack Exchange},
	author = {Bohold, Jen},
	urldate = {2022-06-20},
	date = {2013-08-07},
	file = {Snapshot:/home/yann/Zotero/storage/HVX7RUF8/beamer-presentation-figure-has-no-number.html:text/html},
}

@online{dustin_answer_2013,
	title = {Answer to "Beamer Presentation: Figure has no number?"},
	url = {https://tex.stackexchange.com/a/127150},
	shorttitle = {Answer to "Beamer Presentation},
	titleaddon = {{TeX} - {LaTeX} Stack Exchange},
	author = {dustin},
	urldate = {2022-06-20},
	date = {2013-08-07},
	file = {Snapshot:/home/yann/Zotero/storage/J8CW44S7/beamer-presentation-figure-has-no-number.html:text/html},
}

@online{tveskaeg_answer_2013,
	title = {Answer to "Beamer Presentation: Figure has no number?"},
	url = {https://tex.stackexchange.com/a/127155},
	shorttitle = {Answer to "Beamer Presentation},
	titleaddon = {{TeX} - {LaTeX} Stack Exchange},
	author = {Tveskæg, Svend},
	urldate = {2022-06-20},
	date = {2013-08-07},
	file = {Snapshot:/home/yann/Zotero/storage/H2MY9DJE/beamer-presentation-figure-has-no-number.html:text/html},
}

@article{rahtz_hypertext_nodate,
	title = {Hypertext marks in {LaTeX}: a manual for hyperref},
	pages = {63},
	author = {Rahtz, Sebastian and Oberdiek, Heiko and {LaTeX}, The},
	langid = {english},
	file = {Rahtz et al. - Hypertext marks in LaTeX a manual for hyperref.pdf:/home/yann/Zotero/storage/SSTJ8DYM/Rahtz et al. - Hypertext marks in LaTeX a manual for hyperref.pdf:application/pdf},
}

@article{oberdiek_hycolor_nodate,
	title = {The hycolor package},
	abstract = {Package hycolor implements the color option stuﬀ that is used by packages hyperref and bookmark. It is not intended as package for the user.},
	pages = {27},
	author = {Oberdiek, Heiko},
	langid = {english},
	file = {Oberdiek - The hycolor package.pdf:/home/yann/Zotero/storage/D7US5RQH/Oberdiek - The hycolor package.pdf:application/pdf},
}

@incollection{noauthor_comptexttex_nodate,
	title = {comp.text.tex User Group},
	url = {http://groups.google.com/group/comp.text.tex/browse_thread/thread/ae160fd2fc5680a5/71a5a7c7bfceb3cb?lnk=gst&q=email url hyperref#71a5a7c7bfceb3cb},
	booktitle = {Email link with hyperref, url packages},
	note = {Context Object: ctx\_ver=Z39.88-2004\&rft\_val\_fmt=info\%3Aofi\%2Ffmt\%3Akev\%3Amtx\%3Abook\&rft.genre=bookitem\&rft.btitle=Email+link+with+hyperref\%2C+url+packages\&rft.atitle=comp.text.tex+User+Group\&rft\_id=http\%3A\%2F\%2Fgroups.google.com\%2Fgroup\%2Fcomp.text.tex\%2Fbrowse\_thread\%2Fthread\%2Fae160fd2fc5680a5\%2F71a5a7c7bfceb3cb\%3Flnk\%3Dgst\%26q\%3Demail\%2Burl\%2Bhyperref\%2371a5a7c7bfceb3cb\&rfr\_id=info:sid/en.wikibooks.org:{LaTeX}/Hyperlinks},
}

@book{lang_auth_elliptic_1978,
	edition = {1},
	title = {Elliptic Curves: Diophantine Analysis},
	isbn = {978-3-642-05717-5},
	url = {http://gen.lib.rus.ec/book/index.php?md5=3882e14fd38bea75328b010f67b84fff},
	series = {Grundlehren der mathematischen Wissenschaften 231},
	shorttitle = {Elliptic Curves},
	publisher = {Springer-Verlag Berlin Heidelberg},
	author = {Lang (auth.), Serge},
	urldate = {2022-06-20},
	date = {1978},
}

@online{admin_beamer_nodate,
	title = {Beamer Themes - Full List},
	url = {https://latex-beamer.com/tutorials/beamer-themes/},
	abstract = {In previous lessons, we used the following beamer themes: {AnnArbor}, Warsaw, {CambridgeUS}, Frankfurt, Madrid, and Copenhagen. In this lesson, we will present a full list of standard beamer themes.},
	titleaddon = {{LaTeX} Beamer},
	author = {{Admin}},
	urldate = {2022-06-21},
	langid = {english},
}

@online{noauthor_how_2014,
	title = {How the {NSA} (may have) put a backdoor in {RSA}’s cryptography: A technical primer},
	url = {http://blog.cloudflare.com/how-the-nsa-may-have-put-a-backdoor-in-rsas-cryptography-a-technical-primer/},
	shorttitle = {How the {NSA} (may have) put a backdoor in {RSA}’s cryptography},
	abstract = {There has been a lot of news lately about nefarious-sounding backdoors being inserted into cryptographic standards and toolkits. One algorithm, a pseudo-random bit generator, Dual\_EC\_DRBG, was ratified by the National Institute of Standards and Technology ({NIST}) in 2007.},
	titleaddon = {The Cloudflare Blog},
	urldate = {2022-06-21},
	date = {2014-01-06},
	langid = {english},
	file = {Snapshot:/home/yann/Zotero/storage/PH7GR7N8/how-the-nsa-may-have-put-a-backdoor-in-rsas-cryptography-a-technical-primer.html:text/html},
}

@online{goodin_we_2013,
	title = {We don’t enable backdoors in our crypto products, {RSA} tells customers},
	url = {https://arstechnica.com/information-technology/2013/09/we-dont-enable-backdoors-in-our-crypto-products-rsa-tells-customers/},
	abstract = {Statement comes after firm said its products used {RNG} reported to contain {NSA} backdoor.},
	titleaddon = {Ars Technica},
	author = {Goodin, Dan},
	urldate = {2022-06-21},
	date = {2013-09-20},
	langid = {english},
	file = {Snapshot:/home/yann/Zotero/storage/GE3YZEI9/we-dont-enable-backdoors-in-our-crypto-products-rsa-tells-customers.html:text/html},
}