@online{Kachigar2018,
    author = "Ghazal Kachigar",
    title = "La cryptographie et les ordinateurs quantiques",
    year = "2018",
    url = "https://culturemath.ens.fr/thematiques/informatique/la-cryptographie-et-les-ordinateurs-quantiques"
}
@online{Chabanol2021,
    author = "Marie-Line Chabanol",
    title = "Cryptographie asymétrique et courbes elliptiques",
    year = "2021",
    url = "https://culturemath.ens.fr/thematiques/lycee/cryptographie-asymetrique-et-courbes-elliptiques"
}
% @online{Maurel2003,
%     author = "François Maurel",
%     title = "Sur l'algorithme RSA",
%     year = "2003",
%     url = "https://culturemath.ens.fr/thematiques/theorie-des-nombres/sur-l-algorithme-rsa"
% }
@online{Deglise2013,
    author = "Frédéric Déglise",
    title = "Variétés abéliennes: Introduction et histoire",
    year = "2013",
    url = "http://deglise.perso.math.cnrs.fr/docs/2013/sabeliens/cours1.pdf"
}
@online{KrausCP,
    author = "Alain Kraus",
    title = "Cryptosystèmes à clés publiques",
    year = "2009/10",
    url = "https://www.math.univ-paris13.fr/~boyer/enseignement/crypto/Chap4.pdf"
}
@online{KrausCE,
    author = "Alain Kraus",
    title = "Courbes elliptiques",
    year = "2009/10",
    url = "https://www.math.univ-paris13.fr/~boyer/enseignement/crypto/Chap7.pdf"
}
@online{KrausCF,
    author = "Alain Kraus",
    title = "Corps finis",
    year = "2009/10",
    url = "https://www.math.univ-paris13.fr/~boyer/enseignement/crypto/Chap3.pdf",
}
% @online{Mazari2015,
%     author = "Idriss Mazari",
%     title = "Algèbre avancée",
%     year = "2014/15",
%     url = "https://idrissmazari.files.wordpress.com/2013/08/coursalgav1.pdf"
% }
% @online{PerrinD,
%     author = "Daniel Perrin",
%     title = "Résultant et discriminant",
%     url = "https://www.imo.universite-paris-saclay.fr/~perrin/Sevres/resultant.pdf"
% }
@online{Koblitz1987,
    author = "Neal Koblitz",
    title = "Elliptic curve cryptosystems",
    year = "1987",
    url = "https://www.ams.org/journals/mcom/1987-48-177/S0025-5718-1987-0866109-5/S0025-5718-1987-0866109-5.pdf"
}
% @online{bibfacell,
%     author = "bibmath",
%     title = "Factorisation des entiers par les courbes elliptiques",
%     url = "https://www.bibmath.net/crypto/index.php?action=affiche&quoi=complements/factoelliptique"
% }
% @online{bibfacent,
%     author = "bibmath",
%     title = "Factorisation des entiers",
%     url = "https://www.bibmath.net/crypto/index.php?action=affiche&quoi=complements/factoentiers"
% }
@online{wikipédiacesar,
    author = "wikipédia",
    title = "Chiffrement par décalage",
    url = "https://fr.wikipedia.org/wiki/Chiffrement_par_d%C3%A9calage"
}
@online{wikipédia,
    author = "wikipédia",
    title = "",
    url = ""
}
@online{wikipédia,
    author = "wikipédia",
    title = "",
    url = ""
}
@online{wikipédia,
    author = "wikipédia",
    title = "",
    url = ""
}
@online{Baigneres2003,
    author = "Thomas Baignères",
    title = "Factorisation de Grands Nombres à l'Aide de Courbes Elliptiques",
    year = "2003",
    url = "https://www.baigneres.net/downloads/2003_ecm.pdf",
}
@online{Delaunay,
    author = "Delaunay",
    title = "Courbes elliptiques",
    url = "http://math.univ-lyon1.fr/~wagner/coursDelaunay.pdf",
}
@online{Kun2014,
    author = "Jeremy Kun",
    title = "Introducing Elliptic Curves",
    year = "2014",
    url = "https://jeremykun.com/2014/02/08/introducing-elliptic-curves/",
}
@online{Lipton2013,
    author = "RJLipton et KWRegan",
    title = "A Most Perplexing Mystery",
    year = "2013",
    url = "https://rjlipton.wpcomstaging.com/2013/05/06/a-most-perplexing-mystery/",
}

% @online{,
%     author = "",
%     title = "",
%     url = "",
% }
